%%%
%%% main.bib
%%%

%%% Months
@string{JAN = "Jan"}
@string{FEB = "Feb"}
@string{MAR = "Mar"}
@string{APR = "Apr"}
@string{MAY = "May"}
@string{JUN = "Jun"}
@string{JUL = "Jul"}
@string{AUG = "Aug"}
@string{SEP = "Sep"}
@string{OCT = "Oct"}
@string{NOV = "Nov"}
@string{DEC = "Dec"}

%%% Journals
@string{PIEEE = "Proceedings of the IEEE"}
@string{IEEEJSAC = "IEEE J. Selected Areas in Communications"}
@string{IEEETN = "IEEE/ACM Trans. Networking"}
@string{IEEETCOM = "IEEE Trans. Communications"}
@string{IEEETIT = "IEEE Trans. Information Theory"}
@string{INTERNETWORK = "Journal of Internetworking: Research and Experience"}
@string{IJDACS = "International Journal on Digital and Analog Communication Systems"}
@string{IJCS = "International Journal on Communication Systems"}
@string{ACMTCS = "ACM Trans. Computer Systems"}
@string{JACM = "J. of the ACM"}
@string{MTA = "Multimedia Tools and Applications"}
@string{CC = "Computer Communications"}
@string{IPJ = "Internet Protocol Journal"}
@string{WWWsi = "World Wide Web, Special Issue on Characterization and Performance Evaluation"}
@string{TON = "IEEE/ACM Trans. Networking"}
@string{COMPNETWORK = "Computer Networks"}
@string{WIRELESSNET = "Wireless Networks"}

%%% Magazines
@string{CACM = "Communications of the ACM"}
@string{COMPUTER = "IEEE Computer Magazine"}
@string{IEEECOM = "IEEE Communication Magazine"}
@string{IEEENET = "IEEE Network Magazine"}
@string{CCR = "ACM Comp. Comm. Review"}
@string{SIGOPSOSR = "ACM SIGOPS Operating System Review"}

%%% Conferences
@string{INFOCOM = "Proc. IEEE INFOCOM"}
@string{GLOBECOM = "Proc. IEEE GLOBECOM"}
@string{GINET = "Proc. IEEE Global Internet"}
@string{INET = "Proc. INET"}
@string{SIGCOMM = "Proc. ACM SIGCOMM"}
@string{CONEXT = "Proc. ACM CoNEXT"}
@string{MOBICOM = "Proc. ACM MOBICOM"}
@string{TSWS = "Proc. ACM SIGCOMM Network Troubleshooting Workshop"}
@string{PAM = "Proc. Passive and Active Measurement Conference"}
@string{SOSP = "Proc. ACM SOSP"}
@string{OSDI = "Proc. OSDI"}
@string{IMW = "Proc. ACM Internet Measurement Workshop"}
@string{IMC = "Proc. ACM Internet Measurement Conference"}
@string{SIGMETRICS = "Proc. ACM SIGMETRICS"}
@string{HSNMC="Proc. High Speed Networking and Multimedia Computing Symp."}
@string{ICNP = "Proc. International Conference on Network Protocols"}
@string{ICC = "Proc. International Conference on Communications"}
@string{FTCS = "Proc. International Symposium on Fault-Tolerant Computing"}
@string{FREENIX = "Proc. Freenix"}
@string{USENIX = "Proc. Usenix ATC"}
@string{USENIXSEC = "Proc. Usenix Security Symp."}
@string{KDD = "Proc. ACM SIGKDD international conference on Knowledge discovery and data mining"}
@string{WWWConf = "Proc. World Wide Web Conference"}
@string{PRDC = "Proc. PRDC"}
@string{WOSN = "Proc. ACM SIGCOMM Workshop on Online Social Networks"}
@string{CIKM = "Proc. Information and Knowledge Management"} 
@string{CHI = "Proc. SIGCHI Conference on Human Factors in Computing Systems"} 
@string{RAID = "Proc. RAID Recent Advances in Intrusion Detection"}
@string{NATSCIACADEMY = "Proc. National Academy of Sciences"}
@string{ACMMMCN = "Proc. ACM Multimedia Computing and Networking"}

%%% Publishers
@string{AW="Addison-Wesley"}
@string{CP="Cisco Press"}
@string{PH="Prentice Hall"}

%%%
%%% Books
%%%

@phdthesis{JKIM14-TUND,
  author = {Juhoon Kim},
  title  = {{Towards utilizing network diversity for future internet protocols}},
  year   = {2014},
  urn    = {urn:nbn:de:kobv:83-opus4-52917},
}

@inproceedings{KIMSIG,
  author    = {Juhoon Kim and Yung{-}Chih Chen and Ramin Khalili and Don Towsley and Anja Feldmann},
  title     = {{Multi-source multipath {HTTP} (mHTTP): a proposal}},
  booktitle = {{ACM} {SIGMETRICS} / International Conference on Measurement and Modeling of Computer Systems, {SIGMETRICS} '14, Austin, TX, {USA}, 2014},
  pages     = {583--584},
  year      = {2014},
  url       = {http://doi.acm.org/10.1145/2591971.2592029},
  doi       = {10.1145/2591971.2592029},
}

@inproceedings{RAICIU12-HHC, 
    title = {{How hard can it be? designing and implementing a deployable multipath TCP}},
    author = {{C. Raiciu and C. Paasch and S. Barre and A. Ford and M. Honda and F. Duchene and O. Bonaventure and M. Handley}},
    booktitle = NSDI,
    year = {2012},
}

@inproceedings{WISCHIK11-DIE,
    title = {{Design, Implementation and Evaluation of Congestion Control for Multipath TCP}},
    author = {D. Wischik and C. Raiciu and A. Greenhalgh and M. Handley},
    booktitle = NSDI,
    year = {2011},
}

@inproceedings{RATNASAMY02-TOC,
    title = {{Topologically-aware overlay construction and server selection}},
    author = {S. Ratnasamy and M. Handley and R. Karp and S. Shenker},
    booktitle = INFOCOM,
    year = {2002},
}

@inproceedings{KRISHNAMURTHY01-UPC,
    title = {{On the Use and Performance of Content Distribution Networks}},
    author = {B. Krishnamurthy and C. Wills and Y. Zhang},
    booktitle = IMW,
    year = {2001},
}

@inproceedings{KARAGIANNIS05-SIS,
    title = {{Should Internet Service Providers Fear Peer-assisted Content Distribution?}},
    author = {T. Karagiannis and P. Rodriguez and K. Papagiannaki},
    booktitle = IMC,
    year = {2005}
}

@inproceedings{POESE10-ICD,
    title = {{Improving Content Delivery using Provider-aided Distance Information}},
    author = {I. Poese and B. Frank and B. Ager and G. Smaragdakis and A. Feldmann},
    booktitle = IMC,
    year = {2010},
}

@inproceedings{HUANG08-MEL,
    title = {{Measuring and Evaluating Large-scale CDNs}},
    author = {C. Huang and A. Wang and J. Li and K. W Ross},
    booktitle = IMC,
    year = {2008},
}

@inproceedings{AGER10-CDR,
    title = {{Comparing DNS Resolvers in the Wild}},
    author = {B. Ager and W. Muhlbauer and G. Smaragdakis and S. Uhlig},
    booktitle = IMC,
    year = {2010}
}


@article{POESE11-IGD,
    title = {{IP Geolocation Databases: Unreliable?}},
    author = {I. Poese and S. Uhlig and M. A. Kaafar and B. Donnet and B. Gueye},
    journal = CCR,
    year = {2011},
}

@inproceedings{ADHIKARI-UNU,
    title       = {{Unreeling Netflix: Understanding and Improving Multi-CDN Movie Delivery}},
    author      = {V. K Adhikari and Y. Guo and F. Hao and M. Varvello and V. Hilt and M. Steiner and Z-L. Zhang},
    booktitle   = INFOCOM,
    year = {2012}
}

@inproceedings{TIAN12-TAA,
    title       = {{Towards Agile and Smooth Video Adaptation in Dynamic HTTP Streaming}},
    author      = {{G. Tian and Y. Liu}},
    booktitle   = CONEXT,
    year = {2012},
} 

@inproceedings{KHALILI12-MIN,
    title       = {{MPTCP is not Pareto-optimal: Performance Issues and a Possible Solution}},
    author      = {R. Khalili and N. Gast and M. Popovic and U. Upadhyay and J-Y. Le Boudec},
    booktitle   = CONEXT,
    year = {2012},
}

@inproceedings{RFC-2616,
    title       = {{Hypertext Transfer Protocol -- HTTP/1.1}},
    author      = {R. Fielding and J. Gettys and J. Mogul and H. Frystyk and L. Masinter and P. Leach and T. Berners-Lee},
    booktitle	= {RFC 2616},
}

@inproceedings{RFC-7233,
    title       = {{Hypertext Transfer Protocol (HTTP/1.1): Range Requests}},
    author      = {R. Fielding and Y. Lafon and J. Reschke},
    booktitle	= {RFC 7233},
}

@inproceedings{RFC-6298,
    title       = {{Computing TCP's Retransmission Timer}},
    author      = {V. Paxson and M. Allman and J. Chu and M. Sargent},
    booktitle	= {RFC 6298},
}

@inproceedings{RFC-4960,
    title       = {{Stream Control Transmission Protocol}},
    author      = {R. Stewart},
    booktitle	= {RFC 4960},
}

@inproceedings{RFC-5681,
    title       = {{TCP Congestion Control}},
    author      = {M. Allman, V. Paxson, E. Blanton},
    booktitle	= {RFC 5681},
}

@inproceedings{RFC-793,
    title       = {{Transmission Control Protocol}},
    booktitle	= {RFC 793},
}

@inproceedings{RFC-ALTO,
    title       = {{Application-Layer Traffic Optimization (ALTO) Problem Statement}},
    author      = {J. Seedorf and E. Burger},
    booktitle	= {RFC 5693},
}

@inproceedings{RFC-EDNS,
    title       = {{Extension Mechanisms for DNS (EDNS (0))}},
    author      = {J. Damas and M. Graff and P. Vixie},
    booktitle	= {RFC 6891},
}

@inproceedings{RFC-MPTCP,
    title       = {{Architectural Guidelines for Multipath TCP Development}},
    author      = {A. Ford and C. Raiciu and M. Handley and S. Barre and J. Iyengar},
    booktitle	= {RFC 6182},
}

@article{KASPA12-MAO,
    title       = {{Multipath Aggregation of Heterogeneous Access Networks}},
    author      = {D. Kaspar},
    journal     = {ACM SIGMultimedia Records},
    year = {2012},
}

@phdthesis{KASPA12-PHD,
    title       = {{Multipath Aggregation of Heterogeneous Access Networks}},
    author      = {Kaspar, Dominik},
    year        = {2012},
    school      = {University of Oslo},
}

@article{BELSHE12-SPDY,
    title = {{SPDY Protocol}},
    author = {M. Belshe and R. Peon},
    year = {2012}
}

@misc{OLIVIER-MPTCP, 
    title = {{Multipath TCP tutorial at IEEE Cloudnet 2012}},
    author = {O. Bonaventure},
    howpublished = {\url{http://www-phare.lip6.fr/cloudnet12/Multipath-TCP-tutorial-cloudnet.pdf}},
}

@misc{MPTCP-UCL,
    title = {{MultiPath TCP - Linux Kernel implementation}},
    howpublished = {\url{http://mptcp.info.ucl.ac.be/}},
    key = {"y"},
}

@inproceedings{BRESLAU99-WCZ,
    title = {{Web caching and Zipf-like distributions: Evidence and implications}},
    author = {L. Breslau and P. Cao and L. Fani and G. Phillips and S. Shenker},
    booktitle = INFOCOM,
    year = {1999},
}

@inproceedings{AGER10-RCT,
    title = {Revisiting cacheability in times of user generated content},
    author = {B. Ager and F. Schneider and J. Kim and A. Feldmann},
    booktitle = GINET,
    year = {2011},
}

@inproceedings{COHEN03-IBR,
    title       = {{Incentives Build Robustness in BitTorrent}},
    author      = {B. Cohen},
    booktitle   = {Workshop on Economics of Peer-to-Peer systems 2003},
}

@inproceedings{RAO11-NCO,
    title       = {{Network Characteristics of Video Streaming Traffic}},
    author      = {A. Rao and A. Legout and Y-S. Lim and D. Towsley and C. Barakat and W. Dabbous},
    booktitle   = {ACM CoNEXT 2011},
}

@misc{URL-SPDY,
    title       = {{SPDY: An experimental protocol for a faster web}},
    howpublished = {\url{http://www.chromium.org/spdy/spdy-whitepaper}},
    key         = {"z"},
}

@misc{URL-ALEXA,
    title       = {{Alexa}},
    howpublished = {\url{http://www.alexa.com/}},
}

@misc{URL-JDOWN,
    title       = {{JDownloader}},
    howpublished = {\url{http://jdownloader.org/}},
    key         = {"z"},
}

@misc{URL-FLASH,
    title       = {{FlashGet}},
    howpublished = {\url{http://www.flashget.com/}},
    key         = {"z"},
}


@misc{ALMESBERGER99-LNT,
    title = {{Linux Network Traffic Control - Implementation Overview}},
    author = {W. Almesberger and others},
    year = {1999},
}

@inproceedings{TRIUKOSE09-CDN,
    title = {{Content Delivery Networks: Protection or Threat?}},
    author = {S. Triukose and Z. Al-Qudah and M. Rabinovich},
    booktitle = {Computer Security--ESORICS 2009},
    publisher = {Springer}
}

@inproceedings{MAIER09-ODC,
    Title = {{On Dominant Characteristics of Residential Broadband Internet Traffic}},
    Author = {G. Maier and A. Feldmann and V. Paxson and M. Allman},
    Booktitle = IMC,
    year={2009},
}

@inproceedings{MAIER08-ENS,
    title = {{Enriching Network Security Analysis with Time Travel}},
    author = {G. Maierr and R. Sommer and H. Dreger and A. Feldmann and V. Paxson and F. Schneider},
    booktitle = CCR,
    year = {2008},
}

@inproceedings{CHEN13-MSM,
    title = {{A Measurement-based Study of Multipath TCP Performance over Wireless Networks}},
    author = {Y-C. Chen and Y-S. Lim and R. J. Gibbens and E. M. Nahum and R. Khalili and D. Towsley},
    booktitle = IMC,
    year = {2013},
}

@incollection{BARRE11-MTF,
    title = {{Multipath TCP: from Theory to Practice}},
    author = {S. Barre and C. Paasch and O. Bonaventure},
    booktitle = {IFIP NETWORKING 2011},
    publisher = {Springer},
    year = {2011},
}

@inproceedings{NGUYEN11-EMT,
    title = {{Evaluation of Multipath TCP Load Sharing with Coupled Congestion Control Option in Heterogeneous Networks}},
    author = {S. C. Nguyen and T. M. T. Nguyen},
    booktitle = {IEEE Global Information Infrastructure Symposium},
    year = {2011},
}

@inproceedings{RAICIU11-IDP,
    title = {{Improving Datacenter Performance and Robustness with Multipath TCP}},
    author = {C. Raiciu and S. Barre and C. Pluntke and A. Greenhalgh and D. Wischik and M. Handley},
    booktitle = {ACM SIGCOMM},
    year={2011},
}

@inproceedings{defacto-http,
    title = {{HTTP as the Narrow Waist of the Future Internet}},
    author = {L. Popa and A. Ghodsi and I. Stoica},
    booktitle = {ACM HotNets},
    year = {2010},
}

@ARTICLE{mptcprfc,
  title = {{Coupled Congestion Control for Multipath Transport Protocols}},
  author = {C. Raiciu and M. Handly and D. Wischik},
  journal = {RFC 6356 (Experimental)},
  year = {2011}
}

@ARTICLE{SCHMIDT13-SIL,
  title = {{Socket Intents: Leveraging Application Awareness for Multi-Access Connectivity}},
  author = {P. S. Schmidt and T. Enghardt and R. Khalili and A. Feldmann},
  journal = CONEXT,
  year = {2013}
}

@article{cubic,
  title = {{CUBIC: A new TCP-friendly high-speed TCP variant}},
  author = {S. Ha and I. Rhee and L. Xu},
  journal = {ACM SIGOPS Operating Systems Review},
  volume = {42},
  year = {2008},
}

@article{RODRIGUEZ02-DPA,
  title = {{Dynamic Parallel Access to Replicated Content in the Internet}},
  author = {P. Rodriguez and E. W. Biersack},
  journal = TON,
  volume = {10},
  number = {4},
  year = {2002},
}

@inproceedings{EVENSEN11-ITP,
  title	= {{Improving the Performance of Quality-adaptive Video Streaming over Multiple Heterogeneous Access Networks}},
  author = {K. Evensen and D. Kaspar and C. Griwodz and P. Halvorsen and A. Hansen and P. Engelstad},
  booktitle = {ACM Multimedia Systems},
  year = {2011},
}

@inproceedings {PAASCH14-EEO, 
  title = {{Experimental Evaluation of Multipath TCP Schedulers}},
  author = {C. Paasch and S. Ferlin and O. Alay and O. Bonaventure},
  booktitle = {ACM SIGCOMM Capacity Sharing Workshop (CSWS)},
  year = {2014},
}

@article{IYENGAR06-CMT,
  title = {{Concurrent Multipath Transfer using SCTP Multihoming over Independent End-to-End Paths}},
  author = {J. R. Iyengar and P. D. Amer and R. Stewart},
  journal = TON,
  volume={14},
  year={2006},
}

@inproceedings{HSIEH02-PAE,
  title = {{pTCP: An End-to-end Transport Layer Protocol for Striped Connections}},
  author = {H. Hsieh and R. Sivakumar},
  booktitle = {IEEE Network Protocols},
  year = {2002},
}

@inproceedings{HSIEH03-ARC,
  title = {{A Receiver-centric Transport Protocol for Mobile Hosts with Heterogeneous Wireless Interfaces}},
  author = {H. Hsieh and K. Kim and Y. Zhu and R. Sivakumar},
  booktitle = MOBICOM,
  year={2003},
}

@inproceedings{ZHANG04-ATL,
  title = {{A Transport Layer Approach for Improving End-to-end Performance and Robustness Using Redundant Paths}},
  author = {M. Zhang and J. Lai and A. Krishnamurthy},
  booktitle = USENIX,
  year={2004}
}

@inproceedings{IHM11-TUM,
  title = {{Towards Understanding Modern Web Traffic}},
  author = {Ihm, Sunghwan and Pai, Vivek S},
  booktitle = IMC,
  year = {2011},
}

@inproceedings{BARFORD98-GRW,
  title = {{Generating Representative Web Workloads for Network and Server Performance Evaluation}},
  author = {Barford, Paul and Crovella, Mark},
  booktitle = {ACM SIGMETRICS Performance Evaluation Review},
  year = {1998},
}

@inproceedings{YWANG11-INFO,
    title       = {{Augment SCTP multi-streaming with pluggable scheduling }},
    author      = {Y. Wang and I. Rhee and S. Ha},
    booktitle   = INFOCOM,
    year = {2011}
}

@inproceedings{PAASCH14-MPTCP,
    title = {{Experimental evaluation of multipath TCP schedulers}},
    author = {C. Paasch and S. Ferlin and O. Alay and O. Bonaventure},
    booktitle = {ACM SIGCOMM},
    year={2014},
}

@article{CHEN14-MMA,
  title = {{MSPlayer: Multi-Source and multi-Path LeverAged YoutubER}},
  author = {Chen, Yung-Chih and Towsley, Don and Khalili, Ramin},
  journal = {arXiv preprint arXiv:1406.6772},
  year = {2014}
}

@article{KIM13-MHTTP,
  title = {{Multi-Source Multi-Path HTTP (mHTTP): A Proposal}},
  author = {Kim, Juhoon and Khalili, Ramin and Feldmann, Anja and Chen, Yung-Chih and Towsley, Don},
  journal = {arXiv preprint arXiv:1310.2748},
  year = {2013}
}

@misc{URL-WGET,
    title       = {{wget}},
    howpublished = {\url{http://www.gnu.org/software/wget/}},
}

@misc{URL-TCPDUMP,
    title       = {{tcpdump}},
    howpublished = {\url{http://www.tcpdump.org/}},
}

@misc{URL-APACHE,
    title       = {{Apache Server}},
    howpublished = {\url{http://httpd.apache.org/}},
}

@inproceedings{RFC-6356,
    title       = {{Coupled Congestion Control for Multipath Transport Protocols}},
    author      = {C. Raiciu and M. Handly and D. Wischik},
    booktitle	= {RFC 6356},
}

@inproceedings{TCP-CUBIC,
  title = {{CUBIC: a new TCP-friendly high-speed TCP variant}},
  author = {Sangtae, Ha and Injong, Rhee and Lisong, Xu},
  booktitle = {ACM SIGOPS Operating Systems Review},
  year = {2008},
}
